% bibliography
@article{PhysRevApplied.16.024060,
  title = {Experimental Implementation of Universal Holonomic Quantum Computation on Solid-State Spins with Optimal Control},
  author = {Dong, Yang and Zhang, Shao-Chun and Zheng, Yu and Lin, Hao-Bin and Shan, Long-Kun and Chen, Xiang-Dong and Zhu, Wei and Wang, Guan-Zhong and Guo, Guang-Can and Sun, Fang-Wen},
  journal = {Phys. Rev. Appl.},
  volume = {16},
  issue = {2},
  pages = {024060},
  numpages = {8},
  year = {2021},
  month = {Aug},
  publisher = {American Physical Society},
  doi = {10.1103/PhysRevApplied.16.024060},
  url = {https://link.aps.org/doi/10.1103/PhysRevApplied.16.024060}
}

